@article{DBLP:journals/corr/abs-1206-5538,
  author    = {Yoshua Bengio and
               Aaron C. Courville and
               Pascal Vincent},
  title     = {Unsupervised Feature Learning and Deep Learning: {A} Review and New
               Perspectives},
  journal   = {CoRR},
  volume    = {abs/1206.5538},
  year      = {2012},
  url       = {http://arxiv.org/abs/1206.5538},
  archivePrefix = {arXiv},
  eprint    = {1206.5538},
  timestamp = {Mon, 13 Aug 2018 16:47:42 +0200},
  biburl    = {https://dblp.org/rec/bib/journals/corr/abs-1206-5538},
  bibsource = {dblp computer science bibliography, https://dblp.org}
}

