# 02 Knowledge Representation Learning A Quantitative Review
@article{DBLP:journals/corr/abs-1812-10901,
  author    = {Yankai Lin and
               Xu Han and
               Ruobing Xie and
               Zhiyuan Liu and
               Maosong Sun},
  title     = {Knowledge Representation Learning: {A} Quantitative Review},
  journal   = {Computing Research Repository},
  volume    = {abs/1812.10901},
  year      = {2018},
}

# 03 A Review of Relational Machine Learning for Knowledge Graphs
@article{DBLP:journals/pieee/Nickel0TG16,
  author    = {Maximilian Nickel and
               Kevin Murphy and
               Volker Tresp and
               Evgeniy Gabrilovich},
  title     = {A Review of Relational Machine Learning for Knowledge Graphs},
  journal   = {Proceedings of the {IEEE}},
  volume    = {104},
  number    = {1},
  pages     = {11--33},
  year      = {2016},
}

# 04 Knowledge Graph Embedding A Survey of Approaches and Applications
@article{DBLP:journals/tkde/WangMWG17,
  author    = {Quan Wang and
               Zhendong Mao and
               Bin Wang and
               Li Guo},
  title     = {Knowledge Graph Embedding: {A} Survey of Approaches and Applications},
  journal   = {{IEEE} Trans. Knowl. Data Eng.},
  volume    = {29},
  number    = {12},
  pages     = {2724--2743},
  year      = {2017},
}

# 05 RESACL A Three-Way Model for Collective Learning on Multi-Relational Data
@inproceedings{DBLP:conf/icml/NickelTK11,
  author    = {Maximilian Nickel and
               Volker Tresp and
               Hans{-}Peter Kriegel},
  title     = {A Three-Way Model for Collective Learning on Multi-Relational Data},
  booktitle = {Proceedings of the 28th International Conference on Machine Learning,
               {ICML} 2011, Bellevue, Washington, USA, June 28 - July 2, 2011},
  pages     = {809--816},
  year      = {2011},
}

# 06 SE Learning Structured Embeddings of Knowledge Bases
@inproceedings{DBLP:conf/aaai/BordesWCB11,
  author    = {Antoine Bordes and
               Jason Weston and
               Ronan Collobert and
               Yoshua Bengio},
  title     = {Learning Structured Embeddings of Knowledge Bases},
  booktitle = {Proceedings of the Twenty-Fifth {AAAI} Conference on Artificial Intelligence,
               {AAAI} 2011, San Francisco, California, USA, August 7-11, 2011},
  year      = {2011},
}

# 07 LFM A Latent Factor Model for Highly Multi-relational Data
@inproceedings{DBLP:conf/nips/JenattonRBO12,
  author    = {Rodolphe Jenatton and
               Nicolas Le Roux and
               Antoine Bordes and
               Guillaume Obozinski},
  title     = {A latent factor model for highly multi-relational data},
  booktitle = {Advances in Neural Information Processing Systems 25: 26th Annual
               Conference on Neural Information Processing Systems 2012. Proceedings
               of a meeting held December 3-6, 2012, Lake Tahoe, Nevada, United States.},
  pages     = {3176--3184},
  year      = {2012},
}

# 08 NTN Reasoning With Neural Tensor Networks for Knowledge Base Completion
@inproceedings{DBLP:conf/nips/SocherCMN13,
  author    = {Richard Socher and
               Danqi Chen and
               Christopher D. Manning and
               Andrew Y. Ng},
  title     = {Reasoning With Neural Tensor Networks for Knowledge Base Completion},
  booktitle = {Advances in Neural Information Processing Systems 26: 27th Annual
               Conference on Neural Information Processing Systems 2013. Proceedings
               of a meeting held December 5-8, 2013, Lake Tahoe, Nevada, United States.},
  pages     = {926--934},
  year      = {2013},
}

# 09 TransE Translating Embeddings for Modeling Multi-relational Data
@inproceedings{DBLP:conf/nips/BordesUGWY13,
  author    = {Antoine Bordes and
               Nicolas Usunier and
               Alberto Garc{\'{\i}}a{-}Dur{\'{a}}n and
               Jason Weston and
               Oksana Yakhnenko},
  title     = {Translating Embeddings for Modeling Multi-relational Data},
  booktitle = {Advances in Neural Information Processing Systems 26: 27th Annual
               Conference on Neural Information Processing Systems 2013. Proceedings
               of a meeting held December 5-8, 2013, Lake Tahoe, Nevada, United States.},
  pages     = {2787--2795},
  year      = {2013},
}

# 10 TransH Knowledge Graph Embedding by Translating on Hyperplanes
@inproceedings{DBLP:conf/aaai/WangZFC14,
  author    = {Zhen Wang and
               Jianwen Zhang and
               Jianlin Feng and
               Zheng Chen},
  title     = {Knowledge Graph Embedding by Translating on Hyperplanes},
  booktitle = {Proceedings of the Twenty-Eighth {AAAI} Conference on Artificial Intelligence,
               July 27 -31, 2014, Qu{\'{e}}bec City, Qu{\'{e}}bec, Canada.},
  pages     = {1112--1119},
  year      = {2014},
}

# 11 TransR & CTransR Learning Entity and Relation Embeddings for Knowledge Graph Completion
@inproceedings{DBLP:conf/aaai/LinLSLZ15,
  author    = {Yankai Lin and
               Zhiyuan Liu and
               Maosong Sun and
               Yang Liu and
               Xuan Zhu},
  title     = {Learning Entity and Relation Embeddings for Knowledge Graph Completion},
  booktitle = {Proceedings of the Twenty-Ninth {AAAI} Conference on Artificial Intelligence,
               January 25-30, 2015, Austin, Texas, {USA.}},
  pages     = {2181--2187},
  year      = {2015},
}

# 12 TransD Knowledge Graph Embedding via Dynamic Mapping Matrix
@inproceedings{DBLP:conf/er/XiongHD18,
  author    = {Shengwu Xiong and
               Weitao Huang and
               Pengfei Duan},
  title     = {Knowledge Graph Embedding via Relation Paths and Dynamic Mapping Matrix},
  booktitle = {Advances in Conceptual Modeling - {ER} 2018 Workshops Emp-ER, MoBiD,
               MREBA, QMMQ, SCME, Xi'an, China, October 22-25, 2018, Proceedings},
  pages     = {106--118},
  year      = {2018},
}

# 13 TransA An Adaptive Approach for Knowledge Graph Embedding
@article{DBLP:journals/corr/0005HHZ15a,
  author    = {Han Xiao and
               Minlie Huang and
               Yu Hao and
               Xiaoyan Zhu},
  title     = {TransA: An Adaptive Approach for Knowledge Graph Embedding},
  journal   = {CoRR},
  volume    = {abs/1509.05490},
  year      = {2015},
}

# 14 KG2E Learning to Represent Knowledge Graphs with Gaussian Embedding
@inproceedings{DBLP:conf/cikm/HeLJ015,
  author    = {Shizhu He and
               Kang Liu and
               Guoliang Ji and
               Jun Zhao},
  title     = {Learning to Represent Knowledge Graphs with Gaussian Embedding},
  booktitle = {Proceedings of the 24th {ACM} International Conference on Information
               and Knowledge Management, {CIKM} 2015, Melbourne, VIC, Australia,
               October 19 - 23, 2015},
  pages     = {623--632},
  year      = {2015},
}

# 15 DistMult Embedding Entities and Relations for Learning and Inference in Knowledge Bases
@inproceedings{DBLP:journals/corr/YangYHGD14a,
  author    = {Bishan Yang and
               Wen{-}tau Yih and
               Xiaodong He and
               Jianfeng Gao and
               Li Deng},
  title     = {Embedding Entities and Relations for Learning and Inference in Knowledge
               Bases},
  booktitle = {3rd International Conference on Learning Representations, {ICLR} 2015,
               San Diego, CA, USA, May 7-9, 2015, Conference Track Proceedings},
  year      = {2015},
}

# 18 ManifoldE From One Point to A Manifold Knowledge Graph Embedding For Precise Link Prediction
@inproceedings{DBLP:conf/ijcai/0005HZ16,
  author    = {Han Xiao and
               Minlie Huang and
               Xiaoyan Zhu},
  title     = {From One Point to a Manifold: Knowledge Graph Embedding for Precise
               Link Prediction},
  booktitle = {Proceedings of the Twenty-Fifth International Joint Conference on
               Artificial Intelligence, {IJCAI} 2016, New York, NY, USA, 9-15 July
               2016},
  pages     = {1315--1321},
  year      = {2016},
}


# 19 TransG A Generative Mixture Model for Knowledge Graph Embedding
@article{DBLP:journals/corr/0005HHZ15,
  author    = {Han Xiao and
               Minlie Huang and
               Yu Hao and
               Xiaoyan Zhu},
  title     = {TransG : {A} Generative Mixture Model for Knowledge Graph Embedding},
  journal   = {CoRR},
  volume    = {abs/1509.05488},
  year      = {2015},
}

# 20 ComplEx Complex Embeddings for Simple Link Prediction
@inproceedings{DBLP:conf/icml/TrouillonWRGB16,
  author    = {Th{\'{e}}o Trouillon and
               Johannes Welbl and
               Sebastian Riedel and
               {\'{E}}ric Gaussier and
               Guillaume Bouchard},
  title     = {Complex Embeddings for Simple Link Prediction},
  booktitle = {Proceedings of the 33nd International Conference on Machine Learning,
               {ICML} 2016, New York City, NY, USA, June 19-24, 2016},
  pages     = {2071--2080},
  year      = {2016},
}

# 21 HolE Holographic Embeddings of Knowledge Graphs
@inproceedings{DBLP:conf/aaai/NickelRP16,
  author    = {Maximilian Nickel and
               Lorenzo Rosasco and
               Tomaso A. Poggio},
  title     = {Holographic Embeddings of Knowledge Graphs},
  booktitle = {Proceedings of the Thirtieth {AAAI} Conference on Artificial Intelligence,
               February 12-17, 2016, Phoenix, Arizona, {USA.}},
  pages     = {1955--1961},
  year      = {2016},
}

# 22 KR-EAR Knowledge Representation Learning with Entities, Attributes and Relations
@inproceedings{DBLP:conf/ijcai/LinLS16,
  author    = {Yankai Lin and
               Zhiyuan Liu and
               Maosong Sun},
  title     = {Knowledge Representation Learning with Entities, Attributes and Relations},
  booktitle = {Proceedings of the Twenty-Fifth International Joint Conference on
               Artificial Intelligence, {IJCAI} 2016, New York, NY, USA, 9-15 July
               2016},
  pages     = {2866--2872},
  year      = {2016},
}

# 23 TranSparse Knowledge Graph Completion with Adaptive Sparse Transfer Matrix
@inproceedings{DBLP:conf/aaai/JiLH016,
  author    = {Guoliang Ji and
               Kang Liu and
               Shizhu He and
               Jun Zhao},
  title     = {Knowledge Graph Completion with Adaptive Sparse Transfer Matrix},
  booktitle = {Proceedings of the Thirtieth {AAAI} Conference on Artificial Intelligence,
               February 12-17, 2016, Phoenix, Arizona, {USA.}},
  pages     = {985--991},
  year      = {2016},
}

# 27 DKRL Representation Learning of Knowledge Graphs with Entity Descriptions
@inproceedings{DBLP:conf/aaai/XieLJLS16,
  author    = {Ruobing Xie and
               Zhiyuan Liu and
               Jia Jia and
               Huanbo Luan and
               Maosong Sun},
  title     = {Representation Learning of Knowledge Graphs with Entity Descriptions},
  booktitle = {Proceedings of the Thirtieth {AAAI} Conference on Artificial Intelligence,
               February 12-17, 2016, Phoenix, Arizona, {USA.}},
  pages     = {2659--2665},
  year      = {2016},
}

# 34 ConvE Convolutional 2D Knowledge Graph Embeddings
@inproceedings{DBLP:conf/aaai/DettmersMS018,
  author    = {Tim Dettmers and
               Pasquale Minervini and
               Pontus Stenetorp and
               Sebastian Riedel},
  title     = {Convolutional 2D Knowledge Graph Embeddings},
  booktitle = {Proceedings of the Thirty-Second {AAAI} Conference on Artificial Intelligence,
               (AAAI-18), the 30th innovative Applications of Artificial Intelligence
               (IAAI-18), and the 8th {AAAI} Symposium on Educational Advances in
               Artificial Intelligence (EAAI-18), New Orleans, Louisiana, USA, February
               2-7, 2018},
  pages     = {1811--1818},
  year      = {2018},
}

# 35 GAT Graph Attention Networks
@inproceedings{DBLP:conf/iclr/VelickovicCCRLB18,
  author    = {Petar Velickovic and
               Guillem Cucurull and
               Arantxa Casanova and
               Adriana Romero and
               Pietro Li{\`{o}} and
               Yoshua Bengio},
  title     = {Graph Attention Networks},
  booktitle = {6th International Conference on Learning Representations, {ICLR} 2018,
               Vancouver, BC, Canada, April 30 - May 3, 2018, Conference Track Proceedings},
  year      = {2018},
}

# 37 MLP Knowledge Vault A Web-Scale Approach to Probabilistic Knowledge Fusion
@inproceedings{DBLP:conf/kdd/0001GHHLMSSZ14,
  author    = {Xin Dong and
               Evgeniy Gabrilovich and
               Geremy Heitz and
               Wilko Horn and
               Ni Lao and
               Kevin Murphy and
               Thomas Strohmann and
               Shaohua Sun and
               Wei Zhang},
  title     = {Knowledge vault: a web-scale approach to probabilistic knowledge fusion},
  booktitle = {The 20th {ACM} {SIGKDD} International Conference on Knowledge Discovery
               and Data Mining, {KDD} '14, New York, NY, {USA} - August 24 - 27,
               2014},
  pages     = {601--610},
  year      = {2014},
}

# 38 WordNet A Lexical Database for English
@article{Miller:1995:WLD:219717.219748,
 author = {Miller, George A.},
 title = {WordNet: A Lexical Database for English},
 journal = {COMMUNICATIONS OF THE ACM},
 issue_date = {Nov. 1995},
 volume = {38},
 number = {11},
 month = nov,
 year = {1995},
} 

# 39 Freebase A Collaboratively Created Graph Database for Structuring Human Knowledge
@inproceedings{Bollacker:2008:FCC:1376616.1376746,
 author = {Bollacker, Kurt and Evans, Colin and Paritosh, Praveen and Sturge, Tim and Taylor, Jamie},
 title = {Freebase: A Collaboratively Created Graph Database for Structuring Human Knowledge},
 booktitle = {Proceedings of the 2008 ACM SIGMOD International Conference on Management of Data},
 series = {SIGMOD '08},
 year = {2008},
} 

# 40 Yago a core of semantic knowledge
@inproceedings{suchanek2007yago,
  title={Yago: a core of semantic knowledge},
  author={Suchanek, Fabian M and Kasneci, Gjergji and Weikum, Gerhard},
  booktitle={Proceedings of the 16th international conference on World Wide Web},
  pages={697--706},
  year={2007},
}

# 41 SME Joint learning of Words and Meaning Representations for Open-Text Semantic Parsing
@inproceedings{DBLP:journals/jmlr/BordesGWB12,
  author    = {Antoine Bordes and
               Xavier Glorot and
               Jason Weston and
               Yoshua Bengio},
  title     = {Joint Learning of Words and Meaning Representations for Open-Text
               Semantic Parsing},
  booktitle = {Proceedings of the Fifteenth International Conference on Artificial
               Intelligence and Statistics, {AISTATS} 2012, La Palma, Canary Islands,
               Spain, April 21-23, 2012},
  pages     = {127--135},
  year      = {2012},
}

# 42 On the Equivalence of Holographic and Complex Embeddings for Link Prediction
@inproceedings{DBLP:conf/acl/HayashiS17,
  author    = {Katsuhiko Hayashi and
               Masashi Shimbo},
  title     = {On the Equivalence of Holographic and Complex Embeddings for Link
               Prediction},
  booktitle = {Proceedings of the 55th Annual Meeting of the Association for Computational
               Linguistics, {ACL} 2017, Vancouver, Canada, July 30 - August 4, Volume
               2: Short Papers},
  pages     = {554--559},
  year      = {2017},
}

# 43 Efficient Estimation of Word Representation in Vector Space
@inproceedings{DBLP:journals/corr/abs-1301-3781,
  author    = {Tomas Mikolov and
               Kai Chen and
               Greg Corrado and
               Jeffrey Dean},
  title     = {Efficient Estimation of Word Representations in Vector Space},
  booktitle = {1st International Conference on Learning Representations, {ICLR} 2013,
               Scottsdale, Arizona, USA, May 2-4, 2013, Workshop Track Proceedings},
  year      = {2013},
}

# 44 A unified architecture for natural language processing: deep neural
               networks with multitask learning
@inproceedings{DBLP:conf/icml/CollobertW08,
  author    = {Ronan Collobert and
               Jason Weston},
  title     = {A unified architecture for natural language processing: deep neural
               networks with multitask learning},
  booktitle = {Machine Learning, Proceedings of the Twenty-Fifth International Conference
               {(ICML} 2008), Helsinki, Finland, June 5-9, 2008},
  pages     = {160--167},
  year      = {2008},
}

# 45 Neural Machine Translation by Jointly Learning to Align and Translate
@inproceedings{DBLP:journals/corr/BahdanauCB14,
  author    = {Dzmitry Bahdanau and
               Kyunghyun Cho and
               Yoshua Bengio},
  title     = {Neural Machine Translation by Jointly Learning to Align and Translate},
  booktitle = {3rd International Conference on Learning Representations, {ICLR} 2015,
               San Diego, CA, USA, May 7-9, 2015, Conference Track Proceedings},
  year      = {2015},
}

# 46 Semi-Supervised Classification with Graph Convolutional Networks
@inproceedings{DBLP:conf/iclr/KipfW17,
  author    = {Thomas N. Kipf and
               Max Welling},
  title     = {Semi-Supervised Classification with Graph Convolutional Networks},
  booktitle = {5th International Conference on Learning Representations, {ICLR} 2017,
               Toulon, France, April 24-26, 2017, Conference Track Proceedings},
  year      = {2017},
}

# PARAFAC: Parallel factor analysis
@article{harshman1994parafac,
  title={PARAFAC: Parallel factor analysis},
  author={Harshman, Richard A and Lundy, Margaret E},
  journal={Computational Statistics \& Data Analysis},
  volume={18},
  number={1},
  pages={39--72},
  year={1994},
}

# 47 Learning New Facts From Knowledge Bases With Neural Tensor Networks and Semantic Word Vectors
@inproceedings{DBLP:journals/corr/abs-1301-3618,
  author    = {Danqi Chen and
               Richard Socher and
               Christopher D. Manning and
               Andrew Y. Ng},
  title     = {Learning New Facts From Knowledge Bases With Neural Tensor Networks
               and Semantic Word Vectors},
  booktitle = {1st International Conference on Learning Representations, {ICLR} 2013,
               Scottsdale, Arizona, USA, May 2-4, 2013, Workshop Track Proceedings},
  year      = {2013},
}

# 48 Convolutional Neural Networks on Graphs with Fast Localized Spectral Filtering
@inproceedings{DBLP:conf/nips/DefferrardBV16,
  author    = {Micha{\"{e}}l Defferrard and
               Xavier Bresson and
               Pierre Vandergheynst},
  title     = {Convolutional Neural Networks on Graphs with Fast Localized Spectral
               Filtering},
  booktitle = {Advances in Neural Information Processing Systems 29: Annual Conference
               on Neural Information Processing Systems 2016, December 5-10, 2016,
               Barcelona, Spain},
  pages     = {3837--3845},
  year      = {2016},
}

# 49 Factorizing YAGO scalable machine learning for linked data
@inproceedings{DBLP:conf/www/NickelTK12,
  author    = {Maximilian Nickel and
               Volker Tresp and
               Hans{-}Peter Kriegel},
  title     = {Factorizing {YAGO:} scalable machine learning for linked data},
  booktitle = {Proceedings of the 21st World Wide Web Conference 2012, {WWW} 2012,
               Lyon, France, April 16-20, 2012},
  pages     = {271--280},
  year      = {2012},
}

# 50 Modelling Relational Data using Bayesian Clustered Tensor Factorization
@incollection{NIPS2009_3863,
title = {Modelling Relational Data using Bayesian Clustered Tensor Factorization},
author = {Sutskever, Ilya and Joshua B. Tenenbaum and Salakhutdinov, Ruslan R},
booktitle = {Advances in Neural Information Processing Systems 22},
editor = {Y. Bengio and D. Schuurmans and J. D. Lafferty and C. K. I. Williams and A. Culotta},
pages = {1821--1828},
year = {2009},
}

# 51 Distributed Representations of Words and Phrases and their Compositionality
@inproceedings{DBLP:conf/nips/MikolovSCCD13,
  author    = {Tomas Mikolov and
               Ilya Sutskever and
               Kai Chen and
               Gregory S. Corrado and
               Jeffrey Dean},
  title     = {Distributed Representations of Words and Phrases and their Compositionality},
  booktitle = {Advances in Neural Information Processing Systems 26: 27th Annual
               Conference on Neural Information Processing Systems 2013. Proceedings
               of a meeting held December 5-8, 2013, Lake Tahoe, Nevada, United States.},
  pages     = {3111--3119},
  year      = {2013},
}

# 52 Wikidata A Free Collaborative Knowledge Base
@article{42240,
title = {Wikidata: A Free Collaborative Knowledge Base},
author  = {Denny Vrandečić and Markus Krötzsch},
year  = {2014},
journal = {Communications of the ACM},
pages = {78--85},
volume  = {57}
}